<record><leader>00000cas a2200000 a 4500</leader><controlfield tag="001">11614854</controlfield><controlfield tag="008">850124d18831909nbuer ne      0   a0eng c</controlfield><datafield ind1=" " ind2=" " tag="010"><subfield code="a">sn 85038008 </subfield><subfield code="z">   32024141 </subfield><subfield code="z">ca 10001351 </subfield></datafield><datafield ind1=" " ind2=" " tag="040"><subfield code="a">NPY</subfield><subfield code="b">eng</subfield><subfield code="c">NPY</subfield><subfield code="d">PPM</subfield><subfield code="d">KNP</subfield><subfield code="d">NPV</subfield><subfield code="d">NLG</subfield><subfield code="d">KNP</subfield><subfield code="d">NVF</subfield><subfield code="d">CNW</subfield><subfield code="d">NVG</subfield><subfield code="d">NVK</subfield><subfield code="d">GUA</subfield><subfield code="d">OCLCQ</subfield><subfield code="d">NSD</subfield><subfield code="d">OCLCQ</subfield><subfield code="d">OCLCF</subfield><subfield code="d">OCL</subfield><subfield code="d">OCLCO</subfield></datafield><datafield ind1=" " ind2=" " tag="012"><subfield code="l">1</subfield></datafield><datafield ind1="0" ind2=" " tag="022"><subfield code="a">1938-4475</subfield><subfield code="l">1938-4475</subfield><subfield code="2">1</subfield></datafield><datafield ind1="1" ind2=" " tag="029"><subfield code="a">AU@</subfield><subfield code="b">000003895863</subfield></datafield><datafield ind1=" " ind2=" " tag="042"><subfield code="a">pcc</subfield><subfield code="a">nsdp</subfield></datafield><datafield ind1="1" ind2="0" tag="050"><subfield code="a">JK1880</subfield><subfield code="b">.W7</subfield></datafield><datafield ind1="1" ind2="0" tag="082"><subfield code="a">324.6</subfield><subfield code="2">14</subfield></datafield><datafield ind1="0" ind2=" " tag="130"><subfield code="a">Woman's tribune (Beatrice, Neb.)</subfield></datafield><datafield ind1=" " ind2="0" tag="222"><subfield code="a">Woman's tribune</subfield><subfield code="b">(Beatrice, Neb.)</subfield></datafield><datafield ind1="0" ind2="4" tag="245"><subfield code="a">The woman's tribune.</subfield></datafield><datafield ind1=" " ind2=" " tag="260"><subfield code="a">[Beatrice, Neb. :</subfield><subfield code="b">Nebraska Woman Suffrage Association.]</subfield></datafield><datafield ind1=" " ind2=" " tag="300"><subfield code="a">v. ;</subfield><subfield code="c">46 cm.</subfield></datafield><datafield ind1=" " ind2=" " tag="310"><subfield code="a">Fortnightly,</subfield><subfield code="b">Apr. 30, 1904-&lt;Mar. 6, 1909&gt;</subfield></datafield><datafield ind1=" " ind2=" " tag="321"><subfield code="a">Frequency varies,</subfield><subfield code="b">Apr. 30, 1883-Apr. 9, 1904</subfield></datafield><datafield ind1="1" ind2=" " tag="362"><subfield code="a">Ceased in 1909.</subfield></datafield><datafield ind1="0" ind2=" " tag="362"><subfield code="a">[Vol. 1, no. 1] (Aug. 1883)-</subfield></datafield><datafield ind1=" " ind2=" " tag="500"><subfield code="a">"Equality Before the Law."</subfield></datafield><datafield ind1=" " ind2=" " tag="500"><subfield code="a">Published in Beatrice, Neb., Aug. 1883-Nov. 16, 1889, Washington, D.C. and Beatrice, Neb., Dec. 7, 1889-Dec. 31, 1892, Washington, D.C., Jan. 7, 1893-Aug. 20, 1904, Portland, Or., and Washington, D.C., Oct. 29, 1904-May 26, 1906, and Portland, Or., June [9], 1906-&lt;Mar. 6, 1909&gt;.</subfield></datafield><datafield ind1=" " ind2=" " tag="500"><subfield code="a">Published daily in Washington, D.C. during the International Council of Women, Mar. 27-Apr. 5, 1888, and the 25th and 26th Annual National American Woman Suffrage Association Convention, Jan. 14-19, 1893 and Feb. 15-24, 1894.</subfield></datafield><datafield ind1=" " ind2=" " tag="515"><subfield code="a">No issues published between Aug.-Nov. 1, 1883, Aug. 20-Oct. 29, 1904, Oct. 26, 1907-Jan. 4, 1908, and Dec. 12, 1908-Mar. 6, 1909.</subfield></datafield><datafield ind1=" " ind2=" " tag="530"><subfield code="a">Also available online as part of the Gerritsen collection of Aletta H. Jacobs.</subfield></datafield><datafield ind1=" " ind2="0" tag="650"><subfield code="a">Women</subfield><subfield code="x">Suffrage</subfield><subfield code="v">Newspapers.</subfield></datafield><datafield ind1=" " ind2="0" tag="650"><subfield code="a">Women's rights</subfield><subfield code="v">Newspapers.</subfield></datafield><datafield ind1=" " ind2="0" tag="651"><subfield code="a">Beatrice (Neb.)</subfield><subfield code="v">Newspapers.</subfield></datafield><datafield ind1=" " ind2="0" tag="651"><subfield code="a">Portland (Or.)</subfield><subfield code="v">Newspapers.</subfield></datafield><datafield ind1=" " ind2="0" tag="651"><subfield code="a">Washington (D.C.)</subfield><subfield code="v">Newspapers.</subfield></datafield><datafield ind1=" " ind2="7" tag="651"><subfield code="a">Oregon</subfield><subfield code="z">Portland.</subfield><subfield code="2">fast</subfield><subfield code="0">(OCoLC)fst01204325</subfield></datafield><datafield ind1=" " ind2="7" tag="650"><subfield code="a">Women</subfield><subfield code="x">Suffrage.</subfield><subfield code="2">fast</subfield><subfield code="0">(OCoLC)fst01176996</subfield></datafield><datafield ind1=" " ind2="7" tag="650"><subfield code="a">Women's rights.</subfield><subfield code="2">fast</subfield><subfield code="0">(OCoLC)fst01178818</subfield></datafield><datafield ind1=" " ind2="7" tag="651"><subfield code="a">Nebraska</subfield><subfield code="z">Beatrice.</subfield><subfield code="2">fast</subfield><subfield code="0">(OCoLC)fst01224842</subfield></datafield><datafield ind1=" " ind2="7" tag="651"><subfield code="a">Washington (D.C.)</subfield><subfield code="2">fast</subfield><subfield code="0">(OCoLC)fst01204505</subfield></datafield><datafield ind1=" " ind2="7" tag="655"><subfield code="a">Newspapers.</subfield><subfield code="2">fast</subfield><subfield code="0">(OCoLC)fst01423814</subfield></datafield><datafield ind1="2" ind2=" " tag="710"><subfield code="a">Nebraska Woman Suffrage Association.</subfield></datafield><datafield ind1="2" ind2=" " tag="710"><subfield code="a">International Council of Women.</subfield></datafield><datafield ind1="2" ind2=" " tag="710"><subfield code="a">National American Woman Suffrage Association.</subfield></datafield><datafield ind1=" " ind2=" " tag="752"><subfield code="a">United States</subfield><subfield code="b">Oregon</subfield><subfield code="c">Multnomah</subfield><subfield code="d">Portland.</subfield></datafield><datafield ind1=" " ind2=" " tag="752"><subfield code="a">United States</subfield><subfield code="b">Nebraska</subfield><subfield code="c">Gage</subfield><subfield code="d">Beatrice.</subfield></datafield><datafield ind1=" " ind2=" " tag="850"><subfield code="a">DLC</subfield></datafield><datafield ind1="4" ind2="1" tag="856"><subfield code="u">http://gateway.proquest.com/openurl?url_ver=Z39.88-2004&amp;res_dat=xri:gerritsen&amp;rft_dat=xri:gerritsen:periodical:GP211.2</subfield></datafield></record>